@article{powell2011calculating,
  title={Calculating determinants of block matrices},
  author={Powell, Philip D},
  journal={arXiv preprint arXiv:1112.4379},
  year={2011}
}

@book{deift1999orthogonal,
  title={Orthogonal polynomials and random matrices: a Riemann-Hilbert approach},
  author={Deift, Percy},
  volume={3},
  year={1999},
  publisher={American Mathematical Soc.}
}